@misc{figuree1,
author = {{Hossam A. Gabbar}},
title = {Review of Battery Management Systems (BMS) Development and Industrial Standards},
url = {https://www.mdpi.com/2227-7080/9/2/28},
year = {2021}
}

@misc{figuree2,
author = {{M. Murnane, A. Ghazel}},
title = {A Closer Look at State of Charge (SOC) and State of Health (SOH) Estimation Techniques for Batteries},
url = {https://www.semanticscholar.org/paper/A-Closer-Look-at-State-of-Charge-\%28-SOC-\%29-and-State-Murnane-Ghazel/964c93c82bf2ee272c6491b3cb85a06529e935d2},
year = {2017}
}

@misc{figuree3,
author = {{Aswinth Raj}},
title = {Cell Balancing Techniques and How to Use Them},
url = {https://circuitdigest.com/article/cell-balancing-techniques-and-how-to-use-them},
year = {2019}
}

@misc{tesla_megapack,
author = {{TESLARATI}},
title = {Tesla Megapack},
url = {https://www.teslarati.com/tesla-megapack-installation-wallgrove-battery/},
year = {2022}
}

@misc{genericBMS,
author = {{Nuvation Energy}},
title = {What Is a Battery Management System?},
url = {https://www.nuvationenergy.com/resources/article/what-battery-management-system},
year = {2017}
}

@misc{stuart_pittaway,
author = {{Stuart Pittaway}},
title = {diyBMS},
url = {https://github.com/stuartpittaway/diyBMS},
year = {2019}
}

@misc{mark_wolf,
author = {{Mark Wolf}},
title = {MLT isolated SPI Module},
url = {https://www.open-electronics.org/guest_projects/mlt-isolated-spi-module/},
year = {2017}
}

@misc{TIDA00163,
author = {{Texas Instruments}},
title = {Isolated RS-232 to UART Converter Reference Design},
url = {https://www.ti.com/tool/TIDA-00163},
year = {2014}
}

@misc{daisy_chainn,
  title = {Daisy Chain Configuration},
  url = {https://www.ti.com/lit/pdf/tiduet1},
  year = {2023}
}

@misc{TI_UART_SPI_bridgee,
  author = {{Texas Instruments}},
  title = {Daisy-Chained Power and Data Over Single Pair Ethernet (T1) Reference},
  url = {https://www.ti.com/lit/pdf/tiduet1},
  year = {2023}
}

@misc{Trad_BMS,
author = {{Wikipedia}},
title = {Battery management system},
url = {https://en.wikipedia.org/wiki/Battery_management_system},
year = {2023}
}

@misc{generic,
author = {{Cheng Siong Chin, W.D.Toh}},
title = {Lithium Battery Power System},
url = {https://www.researchgate.net/figure/Proposed-battery-management-system-architecture-with-several-subsystems-for-SOC_fig2_322164529},
year = {2017}
}


@article{Gerber:2019,
title = {{Combining grid-tied PV and intelligent water heater control to reduce the energy costs at schools in South Africa}},
journal = "Energy for Sustainable Development",
volume = "50",
pages = "117 - 125",
year = "2019",
issn = "0973-0826",
doi = "https://doi.org/10.1016/j.esd.2019.03.004",
author = "S. Gerber and A. J. Rix and M. J. Booysen",
}


@INPROCEEDINGS{Booysen:2013, 
author={M. J. {Booysen} and S. J. {Andersen} and A. S. {Zeeman}}, 
booktitle={16th International IEEE Conference on Intelligent Transportation Systems (ITSC 2013)}, 
title={{Informal public transport in Sub-Saharan Africa as a vessel for novel Intelligent Transport Systems}}, 
year={2013}, 
volume={}, 
number={}, 
pages={767-772}, 
doi={10.1109/ITSC.2013.6728324}, 
ISSN={2153-0009}, 
month={Oct},}

@misc{WebsiteOpAmp,
author = {{BBC}},
title = {How to make opamps amp op},
url = {www.electronics-tutorials.ws},
year = {2018}
}


@misc{Mermaid,
author = {{Mermaid}},
title = {Mermaid: Generation of Diagram and Flowchart from Text in a Similar Manner as Markdown},
url = {https://mermaid-js.github.io/mermaid/},
year = {2023}
}

@misc{GlobeNewswire2023,
author = {{GlobeNewswire}},
title = {Battery Management Systems Market to be Worth USD 34.8 Billion},
url = {www.globenewswire.com},
year = {2023}
}

@misc{MITTechReview2023,
author = {{MIT Technology Review}},
title = {Whatâ€™s next for batteries in 2023},
url = {www.technologyreview.com},
year = {2023}
}

@misc{BMSSummit2023,
author = {{Battery Management Systems Summit}},
title = {BATTERY MANAGEMENT SYSTEMS 2023},
url = {battery-management-systems-summit.com},
year = {2023}
}

@misc{BatteriesNews2023,
author = {{Batteries News}},
title = {Battery Management: Vitesco Technologies Advances Key Function of Electric Driving},
url = {batteriesnews.com},
year = {2023}
}

@misc{GlobeNewswire2022,
author = {{GlobeNewswire}},
title = {Battery Management System Market Size Growing at 19.5 persent.},
url = {www.globenewswire.com},
year = {2022}
}

@misc{m_and_m,
author = {{Private}},
title = {Batterry Management System Market},
url = {https://www.marketsandmarkets.com/Market-Reports/battery-management-bms-market-234498189.html},
year = {2023}
}

@misc{source1,
author = {{Anonymous}},
title = {High Voltage Battery Storage},
url = {https://example1.com},
year = {2023}
}

@misc{source2,
author = {{Coremax-tech}},
title = {Specifications of 384V 20kWh LiFePo4 Battery Storage System},
url = {https://www.coremax-tech.com},
year = {2023}
}

@misc{source3,
author = {{OSM ENERGY}},
title = {400V 20Ah LiFePo4 Lithium Battery UPS Storage System},
url = {https://osmbattery.com/products/400v-20ah-high-voltage-lifepo4-lithium-battery-ups-storage-system/},
year = {2023}
}


@misc{LiFePO4Wiki,
author = {{Wikipedia}},
title = {Lithium iron phosphate battery},
url = {https://en.wikipedia.org/wiki/Lithium_iron_phosphate_battery},
year = {2023}
}


@misc{tessla,
author = {{Simon Alvarez}},
title = {Tesla Megapack batteries},
url = {https://www.teslarati.com/tesla-batteries-uk-largest-energy-storage/},
year = {2021}
}

@misc{1,
  author = {{Visual Capitalist}},
  title = {The Evolution of Battery Technology},
  url = {https://www.visualcapitalist.com/evolution-of-battery-technology/},
  year = {2023}
}

@misc{2,
  author = {{Nature Energy}},
  title = {Batteries and Fuel Cells for Emerging Electric Vehicle Markets},
  url = {https://www.nature.com/articles/s41560-018-0159-x},
  year = {2023}
}

@misc{3,
  author = {{Engineering.com}},
  title = {Evolution of the Battery Management System},
  url = {https://www.engineering.com/ElectronicsDesign/ElectronicsDesignArticles/ArticleID/16003/Evolution-of-the-Battery-Management-System.aspx},
  year = {2023}
}
@misc{4,
  author = {{Knowles Capacitors}},
  title = {Passive Cell Balancing},
  url = {https://www.knowlescapacitors.com/getattachment/News/Technical-Articles/Passive-Cell-Balancing-(1)/Passive-Cell-Balancing-Technical-Article.pdf.aspx},
  year = {2023}
}
@misc{5,
  author = {{ScienceDirect}},
  title = {Battery Management Systems in Electric and Hybrid Vehicles},
  url = {https://www.sciencedirect.com/science/article/pii/S1877050916315469},
  year = {2023}
}
@misc{6,
  author = {{Texas Instruments}},
  title = {Battery Management Solutions},
  url = {https://www.ti.com/lit/ml/slyb194/slyb194.pdf},
  year = {2023}
}
@misc{7,
  author = {{Electronics360}},
  title = {Choosing the Right Battery Management System Topology},
  url = {https://electronics360.globalspec.com/article/11723/choosing-the-right-battery-management-system-topology},
  year = {2023}
}
@misc{8,
  author = {{ScienceDirect Topics}},
  title = {Battery Management System},
  url = {https://www.sciencedirect.com/topics/engineering/battery-management-system},
  year = {2023}
}
@misc{9,
  author = {{MDPI}},
  title = {Battery Management System: An Overview},
  url = {https://www.mdpi.com/1996-1073/13/8/2056},
  year = {2023}
}

@misc{HV_BANK_diaa,
  author = {{Geng Qiao, Lu Jin, Jun Tian}},
  title = {A novel hybrid thermal management approach towards high-voltage battery pack},
  url = {https://www.researchgate.net/figure/Schematic-diagram-of-the-high-voltage-battery-pack-system_fig2_354494733},
  year = {2021}
}

@misc{PrecRef,
  author = {{AdaFruit}},
  title = {Precision LM4040 Voltage Reference Breakout},
  url = {https://www.adafruit.com/product/2200},
  year = {2019}
}

@misc{TheADC,
  author = {{Microrobotics}},
  title = {ADS1110 High Precision A/D Converter, 16-Bit, I2C, Low Power},
  url = {https://www.robotics.org.za/ADS1110-MOD?search=ads},
  year = {2020}
}

@misc{TheExtTempSen,
  author = {{Microrobotics}},
  title = {18B20 Temperature Module},
  url = {https://www.robotics.org.za/18B20-MOD?search=18b},
  year = {2020}
}

@misc{LED,
  author = {{Lite On Electronics}},
  title = {LTST-C230KRKT},
  url = {https://mm.digikey.com/Volume0/opasdata/d220001/medias/docus/1171/LTST-C230KRKT.pdf},
  year = {2016}
}

@misc{IntTemp,
  author = {{Tyco Electronics}},
  title = {NTC Thermistors},
  url = {https://www.te.com/usa-en/product-1624345-1.datasheet.pdf},
  year = {2010}
}

@misc{beetle,
  author = {{DFRobot}},
  title = {Beetle Compatible with Arduino Leonardo ATmega32U4},
  url = {https://www.dfrobot.com/product-1075.html},
  year = {2020}
}

@misc{5vSupply,
  author = {{Mouser}},
  title = {4654},
  url = {https://www.mouser.co.za/ProductDetail/Adafruit/4654?qs=W%2FMpXkg%252BdQ5I%2FGLylc3f4Q%3D%3D},
  year = {2019}
}

@misc{inlineFuse,
  author = {{RS Components}},
  title = {Eaton 10A Inline Fuse Holder for 5 x 15mm Fuse, 32V dc},
  url = {https://za.rs-online.com/web/p/fuse-holders/8495594},
  year = {2012}
}

@misc{LCD_MR,
  author = {{Microrobotics}},
  title = {LCD 16X2 Character Display, I2C Interface, 5V},
  url = {https://www.robotics.org.za/LCD1602-BY-I2C?search=lcd},
  year = {2019}
}

@misc{The_ESP_ref,
  author = {{Espressif}},
  title = {ESP32 Dev Kit C v4},
  url = {https://www.espressif.com/en/products/devkits},
  year = {2019}
}

@misc{12Vto5V,
  author = {{Microrobotics}},
  title = {Buck Voltage Regulator VIN 9-120V VOUT 5V3A},
  url = {https://www.robotics.org.za/BUCK-5V3A?search=5v%20voltage%20regulator},
  year = {2022}
}

@misc{BigFuse,
  author = {{RS Components}},
  title = {Littelfuse 100A Yellow Bolt Down Car Fuse, 32V dc},
  url = {https://za.rs-online.com/web/p/car-fuses/7874397},
  year = {2016}
}

@misc{RELAY,
  author = {{RS Components}},
  title = {Omron PCB Mount Latching Power Relay},
  url = {https://za.rs-online.com/web/p/power-relays/2132175},
  year = {2014}
}


@misc{cell_COMP1,
author = {{Wiley Online Library}},
title = {Enabling High-Performance 4.6 V LiCoO2 in a Wide Temperature Range via},
url = {https://onlinelibrary.wiley.com},
year = {2023}
}

@misc{cell_COMP2,
author = {{Wikipedia}},
title = {Lithium Iron Phosphate Battery},
url = {https://en.wikipedia.org/wiki/Lithium_iron_phosphate_battery},
year = {2020}
}

@misc{eve,
author = {{EVE}},
title = {EVE Energy Co., Ltd Product Specification},
url = {https://cdn.shopify.com/s/files/1/0481/9678/0183/files/LF105_3_2V_105Ah_Product_Specification_Version_F_1.pdf?v=1641491228},
year = {2019}
}

@misc{mos,
author = {{International Rectifier}},
title = {IRF540N HEXFET Power MOSFET},
url = {https://docs.rs-online.com/c56d/0900766b8147753c.pdf},
year = {2019}
}

@misc{CHIPrr,
author = {{SUSUMU}},
title = {High power thin film chip resistors},
url = {https://za.rs-online.com/web/b/susumu-co/?displayMonolithBrandPage=true},
year = {2015}
}

@misc{isooooCHIP,
author = {{Texus Instruments}},
title = {ISO742x Low-Power Dual-Channel Digital Isolators},
url = {https://docs.rs-online.com/f2a9/A700000006856308.pdf},
year = {2015}
}

@misc{BigTerminal,
author = {{WÃ¼rth Elektronik}},
title = {REDCUBE PRESS-FIT with external thread and full plain pin-plate WP- SHFU},
url = {https://docs.rs-online.com/0f4e/0900766b814ffbc7.pdf},
year = {2017}
}

@misc{currentSensori,
author = {{Allegro microsystems}},
title = {ACS770LCB-100B Thermally Enhanced, High-Precision Linear Current Sensor},
url = {https://www.allegromicro.com/~/media/Files/Datasheets/ACS770-Datasheet.ashx},
year = {2021}
}

@misc{ki,
author = {{KiCad Org}},
title = {Kicad EDA},
url = {https://www.kicad.org},
year = {2022}
}

@misc{YT,
author = {{Current Connected}},
title = {LFP Cell Compression: The What & The Why},
url = {https://www.youtube.com/watch?v=q8CmaHyZiOI&ab_channel=CurrentConnected},
year = {2021}
}

@misc{SIMULINKKK,
author = {{Javier Gazzarri}},
title = {Modeling and Simulation of Battery Systems with Simulink},
url = {https://www.mathworks.com/videos/modeling-and-simulation-of-battery-systems-with-simulink-1638227640905.html?s_tid=vid_pers_recs},
year = {2021}
}


